

@article{Hornik1991,
 author = {Hornik, Kurt},
 title = {Approximation Capabilities of Multilayer Feedforward Networks},
 journal = {Neural Netw.},
 issue_date = {1991},
 volume = {4},
 number = {2},
 month = mar,
 year = {1991},
 issn = {0893-6080},
 pages = {251--257},
 numpages = {7},
 url = {http://dx.doi.org/10.1016/0893-6080(91)90009-T},
 doi = {10.1016/0893-6080(91)90009-T},
 acmid = {109700},
 publisher = {Elsevier Science Ltd.},
 address = {Oxford, UK, UK}
}

@Book{haykin1999,
	author = {Haykin, Simon},
	title = {Neural networks: a comprehensive foundation},
	publisher = {Prentice Hall},
	year = {1999},
	address = {Upper Saddle River, N.J},
	isbn = {0132733501}
}

@Book{hebb1967,
	author = {Hebb, D. O.},
	title = {The organization of behavior; a neuropsychological theory, (by) D.O. Hebb. Science Editions},
	publisher = {John Wiley and Sons},
	year = {1967},
	address = {New York},
	isbn = {0471367273}
}

@article{piccinini2006,
	author = {Piccinini, Gualtiero},
	title = {Computational Explanation in Neuroscience},
	pages = {343--353},
	journal = {Synthese},
	publisher = {Springer},
	year = {2006},
	number = {3},
	volume = {153}
}

@incollection{mcculloch1988,
	author = {McCulloch, Warren S. and Pitts, Walter},
	chapter = {A Logical Calculus of the Ideas Immanent in Nervous Activity},
	title = {Neurocomputing: Foundations of Research},
	editor = {Anderson, James A. and Rosenfeld, Edward},
	year = {1988},
	isbn = {0-262-01097-6},
	pages = {15--27},
	numpages = {13},
	url = {http://dl.acm.org/citation.cfm?id=65669.104377},
	acmid = {104377},
	publisher = {MIT Press},
	address = {Cambridge, MA, USA}
} 

@article{rochester1956, 
	author={Rochester, N. and Holland, J. and Haibt, L. and Duda, W.}, 
	journal={Information Theory, IRE Transactions on}, 
	title={Tests on a cell assembly theory of the action of the brain, using a large digital computer}, 
	year={1956}, 
	volume={2}, 
	number={3}, 
	pages={80-93}, 
	keywords={Brain;Neural networks;Assembly;Brain modeling;Computational modeling;Electronic equipment testing;Fractionation;Laboratories;Neurons;Neurophysiology;Organisms;Psychology}, 
	doi={10.1109/TIT.1956.1056810}, 
	ISSN={0096-1000}, 
	month={September}
}

@article{kirkpatrick1983,
	author = {S. Kirkpatrick and C. D. Gelatt and M. P. Vecchi},
	title = {Optimization by simulated annealing},
	journal = {SCIENCE},
	year = {1983},
	volume = {220},
	number = {4598},
	pages = {671--680}
}


@article{metropolis1953,
	author = {{Metropolis}, N. and {Rosenbluth}, A.~W. and {Rosenbluth}, M.~N. and 
	{Teller}, A.~H. and {Teller}, E.},
	title = "{Equation of State Calculations by Fast Computing Machines}",
	year = 1953,
	month = jun,
	volume = 21,
	pages = {1087-1092},
	doi = {10.1063/1.1699114},
	adsurl = {http://adsabs.harvard.edu/abs/1953JChPh..21.1087M},
	adsnote = {Provided by the SAO/NASA Astrophysics Data System}
}


@article{rosenblatt1958perceptron,
	abstract = {To answer the questions of how information about the physical world is sensed, in what form is information remembered, and how does information retained in memory influence recognition and behavior, a theory is developed for a hypothetical nervous system called a perceptron. The theory serves as a bridge between biophysics and psychology. It is possible to predict learning curves from neurological variables and vice versa. The quantitative statistical approach is fruitful in the understanding of the organization of cognitive systems. 18 references. (PsycINFO Database Record (c) 2012 APA, all rights reserved)},
	added-at = {2015-01-31T19:27:17.000+0100},
	address = {US},
	author = {Rosenblatt, F.},
	biburl = {http://www.bibsonomy.org/bibtex/2fccddb695dd9e65baa69c97838217cc9/jil},
	description = {PsycNET - Display Record},
	doi = {10.1037/h0042519},
	interhash = {dc0cef9dc06033a04f525efdcde7a660},
	intrahash = {fccddb695dd9e65baa69c97838217cc9},
	issn = {19391471},
	journal = {Psychological Review},
	keywords = {58 algorithm original perceptron rosenblatt},
	number = 6,
	pages = {386--408},
	publisher = {American Psychological Association},
	refid = {1959-09865-001},
	timestamp = {2015-02-06T10:19:31.000+0100},
	title = {The perceptron: A probabilistic model for information storage and organization in the brain},
	volume = 65,
	year = 1958
}

@book{james1890principles,
	title={The Principles of Psychology},
	author={James, W.},
	number={v. 1},
	lccn={04003687},
	series={American science series: Advanced course},
	url={https://books.google.com/books?id=deOLTt-dD3gC},
	year={1890},
	publisher={H. Holt}
}


@book{anderson1988neurocomputing,
	added-at = {2008-03-11T14:52:34.000+0100},
	address = {Cambridge, MA},
	biburl = {http://www.bibsonomy.org/bibtex/2bb08c6951894db63bea32b05ee1f1276/idsia},
	citeulike-article-id = {2375653},
	editor = {Anderson, James A. and Rosenfeld, E.},
	interhash = {cab1ec8b92cf544f561cca6214b8fb00},
	intrahash = {bb08c6951894db63bea32b05ee1f1276},
	keywords = {nn},
	priority = {2},
	publisher = {MIT Press},
	timestamp = {2008-03-11T15:05:35.000+0100},
	title = {Neurocomputing: {F}oundations of Research},
	url = {http://mitpress.mit.edu/book-home.tcl?isbn=0262510480},
	year = 1988
}


@article{block1962perceptron,
	added-at = {2008-03-11T14:52:34.000+0100},
	author = {Block, H. D.},
	biburl = {http://www.bibsonomy.org/bibtex/2a28370f53e050acb0e7a46f19d533094/idsia},
	citeulike-article-id = {2375936},
	comment = {Reprinted in \npcite{anderson:neurocomputing}},
	interhash = {601bdb1f53c74dc755fcdfc33e14e67c},
	intrahash = {a28370f53e050acb0e7a46f19d533094},
	journal = {Reviews of Modern Physics},
	keywords = {nn},
	pages = {123--135},
	priority = {2},
	timestamp = {2008-03-11T15:05:19.000+0100},
	title = {The Perceptron: {A} Model for Brain Functioning},
	volume = 34,
	year = 1962
}

@inproceedings{widrow1960asc,
	added-at = {2014-08-17T10:39:03.000+0200},
	address = {New York},
	author = {Widrow, Bernard and Hoff, Marcian E.},
	biburl = {http://www.bibsonomy.org/bibtex/24c3b6ae932deb6bb1d04ad76c9c94a69/pygospa},
	booktitle = {1960 IRE WESCON Convention Record, Part 4},
	description = {CCNLab BibTeX},
	interhash = {2ace34c5debd5abc08e714f8ff1030b3},
	intrahash = {4c3b6ae932deb6bb1d04ad76c9c94a69},
	keywords = {ann},
	month = {8},
	organization = {Institute of Radio Engineers},
	pages = {96-104},
	publisher = {Institute of Radio Engineers},
	timestamp = {2014-08-17T10:42:58.000+0200},
	title = {Adaptive Switching Circuits},
	url = {http://www-isl.stanford.edu/~widrow/papers/c1960adaptiveswitching.pdf},
	year = 1960
}

@book{minsky1969perceptrons,
	added-at = {2013-12-05T10:32:26.000+0100},
	address = {Cambridge, MA},
	author = {Minsky, M. and Papert, S.},
	biburl = {http://www.bibsonomy.org/bibtex/24587aec0472c41d00c38bf3e888304ba/prlz77},
	interhash = {9ad5b73f68093070d73e54312145eca2},
	intrahash = {4587aec0472c41d00c38bf3e888304ba},
	keywords = {critic minsky papert perceptron},
	publisher = {MIT Press},
	timestamp = {2013-12-05T10:32:26.000+0100},
	title = {Perceptrons},
	year = 1969
}


@article{kohonen1972correlation,
	author = {Kohonen, Teuvo},
	title = {Correlation Matrix Memories},
	journal = {IEEE Trans. Comput.},
	issue_date = {April 1972},
	volume = {21},
	number = {4},
	month = apr,
	year = {1972},
	issn = {0018-9340},
	pages = {353--359},
	numpages = {7},
	url = {http://dx.doi.org/10.1109/TC.1972.5008975},
	doi = {10.1109/TC.1972.5008975},
	acmid = {1638957},
	publisher = {IEEE Computer Society},
	address = {Washington, DC, USA},
	keywords = {Associative memory, associative net, associative recall, correlation matrix memory, nonholographic associative memory, pattern recognition},
} 

@article{anderson1972interactive,
	added-at = {2008-03-11T14:52:34.000+0100},
	annote = {Reprinted in \npcite{anderson:neurocomputing}},
	author = {Anderson, James A.},
	biburl = {http://www.bibsonomy.org/bibtex/2adc5fa7c7c77d9b04bb12524f6160637/idsia},
	citeulike-article-id = {2375651},
	interhash = {c095be69399f0a62f6cae1ff8cb5e2d5},
	intrahash = {adc5fa7c7c77d9b04bb12524f6160637},
	journal = {Mathematical Biosciences},
	keywords = {nn},
	pages = {197--220},
	priority = {2},
	timestamp = {2008-03-11T15:05:35.000+0100},
	title = {A Simple Neural Network Generating an Interactive Memory},
	volume = 14,
	year = 1972
}


@article{vonderMalsburg1973selforganization ,
	author = {von der Malsburg, Chr.},
	title =	 {Self-Organization of Orientation Sensitive Cells in the Striate Cortex},
	{journal =	 kyb},
	{volume =	 14},
	{year =	 1973}
}


@article{brodie78limulus,
	author = {Brodie, S. E. and Knight, B. W. and Ratliff, F.},
	citeulike-article-id = {304886},
	journal = {J Gen Physiol},
	keywords = {bibtex-import},
	month = aug,
	number = {2},
	pages = {129--66},
	posted-at = {2005-08-26 19:08:23},
	priority = {0},
	title = {The response of the {L}imulus retina to moving stimuli: a prediction by {F}ourier synthesis},
	volume = {72},
	year = {1978}
}

@article{hopfield1982neuralnetworks,

	author = {Hopfield, J. J.},
	biburl = {http://www.bibsonomy.org/bibtex/2a3074d3b833b6b02b6fc991407e86804/mhwombat},
	groups = {public},
	issn = {0027-8424},
	journal = {Proceedings of the National Academy of Sciences of the United States of America},
	keywords = {seminal network neural},
	posted-at = {2010-10-28 14:55:59},
	priority = {2},
	timestamp = {2015-10-12T13:15:19.000+0200},
	title = {Neural networks and physical systems with emergent collective computational abilities},
	url = {http://view.ncbi.nlm.nih.gov/pubmed/6953413]},
	volume = 79,
	year = 1982
}

@incollection{barto1983neuronlike,
	author = {Barto, Andrew G. and Sutton, Richard S. and Anderson, Charles W.},
	chapter = {Neuronlike Adaptive Elements That Can Solve Difficult Learning Control Problems},
	title = {Artificial Neural Networks},
	editor = {Diederich, Joachim},
	year = {1990},
	isbn = {0-8186-2015-3},
	pages = {81--93},
	numpages = {13},
	url = {http://dl.acm.org/citation.cfm?id=104134.104143},
	acmid = {104143},
	publisher = {IEEE Press},
	address = {Piscataway, NJ, USA},
} 

@book{bryson1969optimalcontrol,
	added-at = {2014-11-23T18:37:23.000+0100},
	address = {New York},
	author = {Bryson, A. E. and Ho, Y. C.},
	biburl = {http://www.bibsonomy.org/bibtex/27d13cce517ce39632aeabf713bc6fbeb/prlz77},
	booktitle = {Applied Optimal Control},
	description = {CCNLab BibTeX},
	interhash = {3f3142a9345a8acc8c96f47a01da5372},
	intrahash = {7d13cce517ce39632aeabf713bc6fbeb},
	keywords = {backpropagation},
	publisher = {Blaisdell},
	timestamp = {2014-11-23T18:37:23.000+0100},
	title = {Applied Optimal Control},
	year = 1969
}

@phdthesis{werbos1974beyondregression,
	added-at = {2008-09-16T23:39:07.000+0200},
	author = {Werbos, P.},
	biburl = {http://www.bibsonomy.org/bibtex/2cb68e6abdbcd8c97e57fd86c75d45d4c/brian.mingus},
	description = {CCNLab BibTeX},
	interhash = {4165e2708a0468e89f8305f21ee2c711},
	intrahash = {cb68e6abdbcd8c97e57fd86c75d45d4c},
	keywords = {nnets},
	school = {Harvard University},
	timestamp = {2008-09-16T23:41:26.000+0200},
	title = {Beyond Regression: New Tools for Prediction and Analysis in the Behavioral
	Sciences},
	year = 1974
}

@techreport{parker1985logic,
	added-at = {2008-09-16T23:39:07.000+0200},
	address = {Cambridge, MA},
	author = {Parker, D. B.},
	biburl = {http://www.bibsonomy.org/bibtex/23f614ebbe705234336e5d6968cf92fd4/brian.mingus},
	description = {CCNLab BibTeX},
	institution = {Center for Computational Research in Economics and Management Science,
	Massachusetts Institute of Technology},
	interhash = {291bb7407babd3192f127469f2899a71},
	intrahash = {3f614ebbe705234336e5d6968cf92fd4},
	keywords = {nnets},
	number = {TR-47},
	timestamp = {2008-09-16T23:40:53.000+0200},
	title = {Learning Logic},
	year = 1985
}

@article{lecun1985,
	added-at = {2008-03-11T14:52:34.000+0100},
	author = {Lecun, Y.},
	biburl = {http://www.bibsonomy.org/bibtex/21a8afd9c03741c65381aad0e921e83fc/idsia},
	citeulike-article-id = {2381359},
	interhash = {b3af2c2d3257dc8c11e0f8e643f384c2},
	intrahash = {1a8afd9c03741c65381aad0e921e83fc},
	journal = {Proceedings of Cognitiva 85, Paris},
	keywords = {juergen},
	pages = {599--604},
	priority = {2},
	timestamp = {2008-03-11T14:54:26.000+0100},
	title = {Une proc\'{e}dure d'apprentissage pour r\'{e}seau \`{a} seuil asym\'{e}trique},
	year = 1985
}


@inbook{rumelhart1986internal,
	added-at = {2013-12-08T12:26:18.000+0100},
	author = {Rumelhart, D.E. and Hinton, G.E. and Williams, R.J.},
	biburl = {http://www.bibsonomy.org/bibtex/22292f46489962ae38d4223074bc00f68/prlz77},
	crossref = {Rum86},
	interhash = {dd8485b30b80c7f35263bcb21ed81c1f},
	intrahash = {2292f46489962ae38d4223074bc00f68},
	keywords = {Error Internal Learning Propagation Representations by},
	timestamp = {2013-12-08T12:26:18.000+0100},
	title = {Learning Internal Representations by Error Propagation},
	year = 1986
}


@article{das2005qakcs,
	title = {Quantum annealing in a kinetically constrained system},
	author = {Das, Arnab and Chakrabarti, Bikas K. and Stinchcombe, Robin B.},
	journal = {Phys. Rev. E},
	volume = {72},
	issue = {2},
	pages = {026701},
	numpages = {4},
	year = {2005},
	month = {Aug},
	publisher = {American Physical Society},
	doi = {10.1103/PhysRevE.72.026701},
	url = {http://link.aps.org/doi/10.1103/PhysRevE.72.026701}
}


@article{roland2002quatumsearch,
	title = {Quantum search by local adiabatic evolution},
	author = {Roland, J\'er\'emie and Cerf, Nicolas J.},
	journal = {Phys. Rev. A},
	volume = {65},
	issue = {4},
	pages = {042308},
	numpages = {6},
	year = {2002},
	month = {Mar},
	publisher = {American Physical Society},
	doi = {10.1103/PhysRevA.65.042308},
	url = {http://link.aps.org/doi/10.1103/PhysRevA.65.042308}
}


@ARTICLE{mukherjee2015multivariatesearchqa,
	author = {{Mukherjee}, S. and {Chakrabarti}, B.~K.},
	title = "{Multivariable optimization: Quantum annealing and computation}",
	journal = {European Physical Journal Special Topics},
	archivePrefix = "arXiv",
	eprint = {1408.3262},
	primaryClass = "cond-mat.stat-mech",
	year = 2015,
	month = feb,
	volume = 224,
	pages = {17},
	doi = {10.1140/epjst/e2015-02339-y},
	adsurl = {http://adsabs.harvard.edu/abs/2015EPJST.224...17M},
	adsnote = {Provided by the SAO/NASA Astrophysics Data System}
}


@ARTICLE{lecchinivisintini2007sacontinuousgaruntees,
	author = {{Lecchini-Visintini}, A. and {Lygeros}, J. and {Maciejowski}, J.
	},
	title = "{Simulated Annealing: Rigorous finite-time guarantees for optimization on continuous domains}",
	journal = {ArXiv e-prints},
	archivePrefix = "arXiv",
	eprint = {0709.2989},
	primaryClass = "stat.ML",
	keywords = {Statistics - Machine Learning},
	year = 2007,
	month = sep,
	adsurl = {http://adsabs.harvard.edu/abs/2007arXiv0709.2989L},
	adsnote = {Provided by the SAO/NASA Astrophysics Data System}
}

@article{corana1987minimizingmultimodal,
	author = {Corana, A. and Marchesi, M. and Martini, C. and Ridella, S.},
	title = {Minimizing Multimodal Functions of Continuous Variables with the \&Ldquo;Simulated Annealing\&Rdquo; algorithmCorrigenda for This Article is Available Here},
	journal = {ACM Trans. Math. Softw.},
	issue_date = {Sept. 1987},
	volume = {13},
	number = {3},
	month = sep,
	year = {1987},
	issn = {0098-3500},
	pages = {262--280},
	numpages = {19},
	url = {http://doi.acm.org/10.1145/29380.29864},
	doi = {10.1145/29380.29864},
	acmid = {29864},
	publisher = {ACM},
	address = {New York, NY, USA},
} 

@ARTICLE{goffe1994globaloptimization,
	author = {William L. Goffe and Gary D. Ferrier and John Rogers},
	title = {Global Optimization of Statistical Functions with Simulated Annealing},
	journal = {Journal of Econometrics},
	year = {1994},
	volume = {60},
	pages = {65--99}
}

@article{cybenko1989approxsuperposition,
	year={1989},
	issn={0932-4194},
	journal={Mathematics of Control, Signals and Systems},
	volume={2},
	number={4},
	doi={10.1007/BF02551274},
	title={Approximation by superpositions of a sigmoidal function},
	url={http://dx.doi.org/10.1007/BF02551274},
	publisher={Springer-Verlag},
	keywords={Neural networks; Approximation; Completeness},
	author={Cybenko, G.},
	pages={303-314},
	language={English}
}


@article{tsallis1996generalizedsimulatedannealing,
	added-at = {2008-04-22T10:36:30.000+0200},
	author = {Tsallis, Constantino and Stariolo, Daniel A.},
	biburl = {http://www.bibsonomy.org/bibtex/27ba020ebd42abbd12758f908c68758f5/smicha},
	day = 15,
	description = {Physica A},
	interhash = {967f9f4f72483811cdfdccc0b4a6e01d},
	intrahash = {7ba020ebd42abbd12758f908c68758f5},
	journal = {Physica A: Statistical and Theoretical Physics},
	keywords = {Simulated annealing},
	month = Nov,
	number = {1-2},
	pages = {395--406},
	timestamp = {2008-04-22T11:04:21.000+0200},
	title = {Generalized simulated annealing},
	url = {http://www.sciencedirect.com/science/article/B6TVG-3YK5TC8-2H/1/d040f1408073d6a09dc185f38673e3dd},
	volume = 233,
	year = 1996
}

@article{szu1987fastsimulatedannealing,
	abstract = {{Simulated annealing is a stochastic strategy for searching the ground state. A fast simulated annealing (FSA) is a semi-local search and consists of occasional long jumps. The cooling schedule of the FSA algorithm is inversely linear in time which is fast compared with the classical simulated annealing (CSA) which is strictly a local search and requires the cooling schedule to be inversely proportional to the logarithmic function of time. A general D-dimensional Cauchy probability for generating the state is given. Proofs for both FSA and CSA are sketched. A double potential well is used to numerically illustrate both schemes.}},
	author = {Szu, Harold and Hartley, Ralph},
	citeulike-article-id = {10081901},
	citeulike-linkout-0 = {http://dx.doi.org/10.1016/0375-9601(87)90796-1},
	comment = {Use a Cauchy machine instead of a Boltzman machine, inverse linear temperature scheme},
	doi = {10.1016/0375-9601(87)90796-1},
	issn = {03759601},
	journal = {Physics Letters A},
	keywords = {simulated\_annealing},
	month = jun,
	number = {3-4},
	pages = {157--162},
	posted-at = {2011-11-29 18:50:40},
	priority = {0},
	title = {{Fast simulated annealing}},
	url = {http://dx.doi.org/10.1016/0375-9601(87)90796-1},
	volume = {122},
	year = {1987}
}

@misc{ingber1989veryfastsimulatedreannealing,
	author = {Ingber, Lester},
	title = {Very Fast Simulated Re-Annealing},
	year = {1989}
}



@inproceedings{lee2007improvinggeneralizationcapabilitynnusingsa,
	added-at = {2009-01-04T00:00:00.000+0100},
	author = {Lee, Yeejin and Lee, Jong-Seok and Lee, Sun-Young and Park, Cheol Hoon},
	biburl = {http://www.bibsonomy.org/bibtex/287673dcc869388d5a7fecd64b5953c63/dblp},
	booktitle = {IEEE Congress on Evolutionary Computation},
	crossref = {conf/cec/2007},
	date = {2009-01-04},
	description = {dblp},
	ee = {http://dx.doi.org/10.1109/CEC.2007.4424918},
	interhash = {6432f40444490f986bab6352f0660a1c},
	intrahash = {87673dcc869388d5a7fecd64b5953c63},
	keywords = {dblp},
	pages = {3447-3453},
	publisher = {IEEE},
	timestamp = {2009-01-06T11:34:12.000+0100},
	title = {Improving generalization capability of neural networks based on simulated annealing.},
	url = {http://dblp.uni-trier.de/db/conf/cec/cec2007.htm},
	year = 2007
}

@book{laarhoven1987satheoryapplication,
	editor = {Laarhoven, P. J. M. and Aarts, E. H. L.},
	title = {Simulated Annealing: Theory and Applications},
	year = {1987},
	isbn = {9-027-72513-6},
	publisher = {Kluwer Academic Publishers},
	address = {Norwell, MA, USA},
} 

@INPROCEEDINGS{park1997networkcomplexitygeneralization, 
	author={Sangbong Park and Cheol Hoon Park}, 
	booktitle={Neural Networks,1997., International Conference on}, 
	title={Network complexity and generalization}, 
	year={1997}, 
	volume={1}, 
	pages={298-301 vol.1}, 
	keywords={digital simulation;function approximation;genetic algorithms;learning (artificial intelligence);mathematics computing;multilayer perceptrons;degrees of freedom;dynamic range;function approximation;generalization capability;network complexity;neural network;sigmoidal hidden neurons;Artificial neural networks;Computer simulation;Dynamic range;Electronic mail;Estimation error;Function approximation;Neural networks;Neurons;Optimization methods;Testing}, 
	doi={10.1109/ICNN.1997.611682}, 
	month={Jun},
}

@article{engel1988teachingfeedforwardnueralnetsbysa,
	author = {Engel, Jonathan},
	title = {Teaching Feed-forward Neural Networks by Simulated Annealing},
	journal = {Complex Syst.},
	issue_date = {December 1988},
	volume = {2},
	number = {6},
	month = dec,
	year = {1988},
	issn = {0891-2513},
	pages = {641--648},
	numpages = {8},
	url = {http://dl.acm.org/citation.cfm?id=65512.65514},
	acmid = {65514},
	publisher = {Complex Systems Publications, Inc.},
	address = {Champaign, IL, USA},
} 

@article{sexton1999beyondbackpropusingsa,
	author = {Sexton, Randall S. and Dorsey, Robert E. and Johnson, John D.},
	title = {Beyond Back Propagation: Using Simulated Annealing for Training Neural Networks},
	journal = {J. End User Comput.},
	issue_date = {July/Sept. 1999},
	volume = {11},
	number = {3},
	month = jul,
	year = {1999},
	issn = {1063-2239},
	pages = {3--10},
	numpages = {8},
	url = {http://dl.acm.org/citation.cfm?id=329748.329752},
	acmid = {329752},
	publisher = {IGI Global},
	address = {Hershey, PA, USA},
} 




@article{geman1984stochasticrelaxation,
	author = {Geman, Stuart and Geman, Donald},
	title = {Stochastic Relaxation, Gibbs Distributions, and the Bayesian Restoration of Images},
	journal = {IEEE Trans. Pattern Anal. Mach. Intell.},
	issue_date = {November 1984},
	volume = {6},
	number = {6},
	month = nov,
	year = {1984},
	issn = {0162-8828},
	pages = {721--741},
	numpages = {21},
	url = {http://dx.doi.org/10.1109/TPAMI.1984.4767596},
	doi = {10.1109/TPAMI.1984.4767596},
	acmid = {2286617},
	publisher = {IEEE Computer Society},
	address = {Washington, DC, USA},
	keywords = {Annealing, Gibbs distribution, MAP estimate, Markov random field, image restoration, line process, relaxation, scene modeling, spatial degradation},
} 





@article{dallinga2004performancegsa,
	title = {{Performance and parameterization of the algorithm Simplified Generalized Simulated Annealing}},
	journal = {{Genetics and Molecular Biology}},
	author={Dall'Igna J\~A\textordmasculinenior, Alcino AND Silva, Renato S. AND Mundim, Kleber C. AND Dardenne, Laurent E.},
	ISSN = {1415-4757},
	language = {en},
	URL = {http://www.scielo.br/scielo.php?script=sci_arttext&pid=S1415-47572004000400024&nrm=iso},
	volume = {27},
	year = {2004},
	month = {00},
	pages = {616 - 622},
	publisher = {scielo},
	crossref = {10.1590/S1415-47572004000400024},
}